@ARTICLE{4285668, 
author="J. Hou and Y. Wang", 
journal="IEEE Microwave and Wireless Components Letters", 
title="A Compact Quadrature Hybrid Based on High-Pass and Low-Pass Lumped Elements", 
year="2007", 
volume="17", 
number="8", 
pages="595-597", 
doi="10.1109/LMWC.2007.901775", 
ISSN="1531-1309", 
month="Aug"}

@inproceedings{LumpedElementHemtParasitics,
title = "Lumped-element modeling of millimeter-wave HEMT parasitics via full-wave electromagnetic analysis",
abstract = "We present a broadband lumped-element parasitic equivalent circuit extraction procedure based on full-wave modeling of electromagnetic interactions within the pad layout of millimeter-wave high electron mobility transistors (HEMTs). The proposed method is illustrated using a conventional two-finger HEMT topology within a coplanar waveguide environment. The accuracy of the suggested extraction procedure is validated through extensive comparisons between full-wave electromagnetic simulations, and the computed response of the proposed model up to 325 GHz. For the first time, we develop a systematic parameter extraction algorithm for differential device configurations.",
author = "Yasir Karisan and Cosan Caglayan and Georgios Trichopoulos and Kubilay Sertel",
year = "2015",
month = "9",
day = "2",
doi = "10.1109/CEM.2015.7237434",
language = "English (US)",
isbn = "9781467371971",
pages = "48--49",
booktitle = "2015 Computational Electromagnetics International Workshop, CEM 2015",
publisher = "Institute of Electrical and Electronics Engineers Inc."}


@INPROCEEDINGS{844304, 
author={P. Abele and D. Behammer and U. Erben and M. Meilchen and P. Maier and K. -. Schad and E. Sonmez and H. Schumacher}, 
booktitle={2000 Topical Meetings on Silicon Monolithic Integrated Circuits in RF Systems. Digest of Papers (Cat. No.00EX397)}, 
title={Si MMIC quadrature hybrid coupler for 1.35 GHz}, 
year={2000}, 
volume={}, 
number={}, 
pages={83-86}, 
keywords={silicon;elemental semiconductors;UHF integrated circuits;MMIC;lumped parameter networks;coupled circuits;impedance convertors;Si MMIC;quadrature hybrid coupler;monolithic microwave IC;impedance transformation;spiral inductors;MIM capacitors;insertion loss;1.35 GHz;Si;MMICs;Coupling circuits;Impedance;Hybrid integrated circuits;Microwave integrated circuits;Monolithic integrated circuits;Spirals;Inductors;Metal-insulator structures;MIM capacitors}, 
doi={10.1109/SMIC.2000.844304}, 
ISSN={}, 
month={April},}

@ARTICLE{6477190, 
author={E. Gandini and M. Ettorre and R. Sauleau and A. Grbic}, 
journal={IEEE Transactions on Microwave Theory and Techniques}, 
title={A Lumped-Element Unit Cell for Beam-Forming Networks and Its Application to a Miniaturized Butler Matrix}, 
year={2013}, 
volume={61}, 
number={4}, 
pages={1477-1487}, 
keywords={array signal processing;directional couplers;integrated circuit design;network topology;miniaturized Butler matrix;lumped-element unit cell;compact beam-forming network design;BFN design;four-port network;planar directional coupler;compact directional coupler;output amplitude;arbitrary output phase distribution;design equation;network topology;lumped-element implementation;Butler matrix design;Ports (Computers);Butler matrix;Directional couplers;Microstrip;Transmission line matrix methods;Bandwidth;Beam-forming network (BFN);Butler matrix;crossover;directional coupler;lumped element;miniaturization;phase shifter;unit cell}, 
doi={10.1109/TMTT.2013.2248744}, 
ISSN={0018-9480}, 
month={April},}

@ARTICLE{mumcuCapacitors, 
author={G. Mumcu and S. Gupta and K. Sertel and J. L. Volakis}, 
journal={IEEE Antennas and Wireless Propagation Letters}, 
title={Small Wideband Double-Loop Antennas Using Lumped Inductors and Coupling Capacitors}, 
year={2011}, 
volume={10}, 
number={}, 
pages={107-110}, 
keywords={antenna radiation patterns;broadband antennas;capacitors;inductors;loop antennas;small wideband double-loop antennas;lumped inductors;coupling capacitors;band diagram analysis;frequency separation;radiating modes;capacitive loadings;inductive loadings;standard patch antenna;reduced-size substrate;footprint size;miniature footprint antennas;gain 4.34 dB;size 125 mil;Bandwidth;Substrates;Antenna measurements;Microstrip antennas;Capacitors;Coupled microstrip lines;degenerate band edge (DBE);degenerate-band-edge crystals;miniature antennas;printed antennas},
doi={10.1109/LAWP.2011.2110632}, 
ISSN={1536-1225}, 
month={},}

@article{coonrod2012comparing,
  title={Comparing microstrip and CPW performance},
  author={Coonrod, John and Rautio, Brian},
  journal={Microwave Journal},
  volume={55},
  number={7},
  pages={74--86},
  year={2012},
  publisher={Horizon House Publications, Inc., 685 Canton Street Norwood MA 02062 United~â€¦}
}

@inproceedings{HFSS_3d_components,
title="Introducing HFSS 3D Components", 
booktitle="IEEE Int. MW Symposium Micro Applications Symposium", 
month = "May",
year = "2015",
}

@INPROCEEDINGS{mdlx_3d_models, 
author={I. {Bedford} and S. {Skidmore} and L. {Dunleavy}}, 
booktitle={2018 IEEE 19th Wireless and Microwave Technology Conference (WAMICON)}, 
title={3D surface mount component modeling for HFSS}, 
year={2018}, 
volume={}, 
number={}, 
pages={1-4}, 
keywords={computational electromagnetics;copy protection;electronic engineering computing;printed circuit design;surface mount technology;wire wound inductor configurations;proprietary material;coupled shunt capacitor;inductor test cases;three-dimensional electromagnetic simulation;3D surface mount component modeling;coupled multilayer capacitor;HFSS;proprietary material encryption;complex resonance frequency behavior;Solid modeling;Three-dimensional displays;Integrated circuit modeling;Transmission line measurements;Capacitors;Couplings;Inductors;3D model;electromagnetic simulation;encrypted model;coupled components}, 
doi={10.1109/WAMICON.2018.8363886}, 
ISSN={}, 
month={April},}

@INPROCEEDINGS{ltcc_filter, 
author={S. {Skidmore} and H. {Patel} and I. {Delgado} and L. {Dunleavy} and T. {Weller} and T. {Heil}}, 
booktitle={WAMICON 2014}, 
title={LTCC filter modeling using EM and equivalent circuit techniques}, 
year={2014}, 
volume={}, 
number={}, 
pages={1-3}, 
keywords={ceramic packaging;electromagnetic fields;equivalent circuits;finite element analysis;high-pass filters;integrated circuit packaging;low-pass filters;MMIC;LTCC filter modeling;EM techniques;substrate scalable equivalent circuit modeling approach;finite element electromagnetic analysis;physical geometry;filter parasitic effects;low-pass filter;high-pass filter;LTCC filter;modeling;EM analysis;equivalent circuit model}, 
doi={10.1109/WAMICON.2014.6857779}, 
ISSN={}, 
month={June},}

@INPROCEEDINGS{antenna_modeling, 
author={J. {Liu} and S. {Ting} and T. K. {Sarkar}}, 
booktitle={2014 IEEE Antennas and Propagation Society International Symposium (APSURSI)}, 
title={Base-station antenna modeling for full-wave electromagnetic simulation}, 
year={2014}, 
volume={}, 
number={}, 
pages={2106-2107}, 
keywords={dipole antennas;electromagnetic fields;integral equations;parallel front metal strips;X polarized dipole pairs;mobile communication;full wave electromagnetic simulation;base station antenna modeling;Antenna radiation patterns;Dipole antennas;Gain;Computational modeling;Mobile antennas;Metals}, 
doi={10.1109/APS.2014.6905380}, 
ISSN={1522-3965}, 
month={July},}

@ARTICLE{pin_diode_ckt, 
author={M. {Yousefbeiki} and J. {Perruisseau-Carrier}}, 
journal={IEEE Antennas and Propagation Magazine}, 
title={A Practical Technique for Accurately Modeling reconfigurable Lumped Components in Commercial Full-Wave Solvers [EurAAP Corner]}, 
year={2012}, 
volume={54}, 
number={5}, 
pages={298-303}, 
keywords={antennas;equivalent circuits;lumped parameter networks;p-i-n diodes;commercial full-wave solvers;reconfigurable lumped components;semiconductor diodes;microelectromechanical systems;equivalent circuit;calibrated measurement;isolated component;commercial software packages;p-i-n diode;reconfigurable antenna;fixed lumped components;biasing circuits;Reconfigurable antennas;Semiconductor diodes;Microelectromechanical systems ;Modeling;Equivalent circuits;Reconfigurable antennas;semiconductor diodes;microelectromechanical systems (MEMS);modeling;equivalent circuit}, 
doi={10.1109/MAP.2012.6348181}, 
ISSN={1045-9243}, 
month={Oct},}

@INPROCEEDINGS{pifa_lumped_elements, 
author={C. {Hung} and T. {Lin} and H. {Chen} and T. {Chiu} and D. {Chang}}, 
booktitle={2013 Proceedings of the International Symposium on Antennas Propagation}, 
title={Design of slot antenna loaded with lumped circuit components}, 
year={2013}, 
volume={02}, 
number={}, 
pages={1188-1191}, 
keywords={equivalent circuits;microstrip antennas;printed circuits;slot antennas;UHF antennas;slot antenna;lumped circuit component;printed circuit board;folded slot;equivalent circuit;resonant condition;Bluetooth application;WLAN application;frequency 2.45 GHz;Antenna measurements;Slot antennas;Antenna accessories;Loaded antennas;Equivalent circuits}, 
doi={}, 
ISSN={}, 
month={Oct},}

@ARTICLE{interaction_example, 
author={Cramp Rebecca L., Reid Stefanie, Seebacher Frank and Franklin Craig E.}, 
journal={Biology Letters}, 
title={Synergistic interaction between UVB radiation and temperature increases susceptibility to parasitic infection in a fish}, 
year={2014}, 
doi={10.1098/rsbl.2014.0449}, 
month={September},}

@INPROCEEDINGS{FullWaveHemt, 
author={F. {Daneshmandian} and A. {Abdipour} and A. N. {Askarpour}}, 
booktitle={2018 Fifth International Conference on Millimeter-Wave and Terahertz Technologies (MMWaTT)}, 
title={Full wave Modeling and Analysis of Plasmonic HEMT performance}, 
year={2018}, 
volume={}, 
number={}, 
pages={20-23}, 
keywords={finite difference time-domain analysis;high electron mobility transistors;hydrodynamics;III-V semiconductors;plasmons;semiconductor device models;finite difference time domain numerical technique;2-D plasmon propagation;plasmonic HEMT performance;high electron mobility transistor;Maxwell's equations;hydrodynamic transport equations;bias voltages;full wave analysis;HEMT channel;FDTD numerical technique;HEMTs;Plasmons;Mathematical model;MODFETs;Numerical models;Logic gates;Analytical models;2DEG layer;2-D plasmon;full wave model;hydrodynamic model;HEMT}, 
doi={10.1109/MMWaTT.2018.8661240}, 
ISSN={2157-0973}, 
month={Dec},}

@INPROCEEDINGS{GPUOptimization, 
author={A. G. {Chiariello} and A. {Maffucci} and F. {Villone} and M. {Nicolazzo}}, 
booktitle={2011 IEEE 20th Conference on Electrical Performance of Electronic Packaging and Systems}, 
title={Fast full-wave modeling of passive structures with graphic processors}, 
year={2011}, 
volume={}, 
number={}, 
pages={171-174}, 
keywords={graphics processing units;integrated circuit interconnections;integrated circuit modelling;fast full-wave modeling;parallel computation;graphics processor unit;broadband modeling;passive 3D structure;full-wave electromagnetic model;surface integral formulation;null-pinv decomposition;matrix inversion;GPU parallelization;matrix assembly;full-wave analysis;interconnects;Assembly;Graphics processing unit;Surface impedance;Computational modeling;Numerical models;Three dimensional displays;Integral equations;CUDA;EFIE;full-wave modeling;GPU;interconnects}, 
doi={10.1109/EPEPS.2011.6100218}, 
ISSN={2165-4115}, 
month={Oct},}

@INPROCEEDINGS{GPU1, 
author={A. {Dziekonski} and A. {Lamecki} and M. {Mrozowski}}, 
booktitle={2016 IEEE MTT-S International Conference on Numerical Electromagnetic and Multiphysics Modeling and Optimization (NEMO)}, 
title={GPU-accelerated finite element method}, 
year={2016}, 
volume={}, 
number={}, 
pages={1-2}, 
keywords={conjugate gradient methods;finite element analysis;graphics processing units;matrix algebra;GPU-accelerated finite element method;electromagnetic problems;FEM;graphics processors;4.7-fold acceleration;massive parallelization;matrix-generation;linear equations;conjugate gradient method;V-cycle multilevel preconditioner;Finite element analysis;Sparse matrices;Graphics processing units;Acceleration;Linear systems;Microwave theory and techniques;Symmetric matrices;finite element method;iterative solvers;multi-level preconditioner;GPU;CUDA;parallel computing}, 
doi={10.1109/NEMO.2016.7561602}, 
ISSN={}, 
month={July},}

@ARTICLE{GPU2, 
author={A. {Dziekonski} and A. {Lamecki} and M. {Mrozowski}}, 
journal={IEEE Microwave and Wireless Components Letters}, 
title={GPU Acceleration of Multilevel Solvers for Analysis of Microwave Components With Finite Element Method}, 
year={2011}, 
volume={21}, 
number={1}, 
pages={1-3}, 
keywords={conjugate gradient methods;coprocessors;finite element analysis;iterative methods;GPU acceleration;multilevel solvers;microwave components;finite element method;conjugate gradient iterative method;E-field multilevel preconditioner;graphics processing unit;Graphics processing unit;Sparse matrices;Jacobian matrices;Finite element methods;Time domain analysis;Acceleration;Microwave theory and techniques;Finite elements;graphics processing unit (GPU);multilevel preconditioner}, 
doi={10.1109/LMWC.2010.2089974}, 
ISSN={1531-1309}, 
month={Jan},}

@INPROCEEDINGS{GPU3, 
author={A. {Dziekonski} and M. {Mrozowski}}, 
booktitle={2017 IEEE MTT-S International Conference on Numerical Electromagnetic and Multiphysics Modeling and Optimization for RF, Microwave, and Terahertz Applications (NEMO)}, 
title={GPU acceleration of block Krylov methods for FEM problems in electromagnetics}, 
year={2017}, 
volume={}, 
number={}, 
pages={278-280}, 
keywords={electromagnetic field theory;finite element analysis;graphics processing units;GPU acceleration;block Krylov methods;FEM;electromagnetics;block sparse matrix-vector product;GPU-accelerated block Krylov subspace methods;finite-element analysis;Tesla K40;Intel Xeon E5-2680 v3;code optimization;time reductions;MAGMA;cuSPARSE;Intel MKL libraries;Sparse matrices;Graphics processing units;Acceleration;Electromagnetics;Finite element analysis;Optimization;Microwave theory and techniques;FEM;sparse matrix-vector product;GPU}, 
doi={10.1109/NEMO.2017.7964259}, 
ISSN={}, 
month={May},}

@INPROCEEDINGS{FullWaveHighFrequencyLModeling, 
author={Z. {De GrÃ¨ve} and P. {Dular}}, 
booktitle={2016 IEEE Conference on Electromagnetic Field Computation (CEFC)}, 
title={Full-wave correction of quasi-static models using finite element subproblems: Application to high frequency wound inductors}, 
year={2016}, 
volume={}, 
number={}, 
pages={1-1}, 
keywords={electric fields;finite element analysis;inductors;magnetic fields;full-wave correction;quasi-static models;finite element subproblems;high frequency wound inductors;global voltage-current equation;electric fields;magnetic fields;local levels;global levels;impedance levels;Magnetic domains;Mathematical model;Wounds;Inductors;Magnetic circuits;Integrated circuit modeling;Computational modeling;finite element subproblems;quasi-statics;full-wave;wound inductors}, 
doi={10.1109/CEFC.2016.7816190}, 
ISSN={}, 
month={Nov},}

@INPROCEEDINGS{HEMTDistributedCircuitExtraction, 
author={Y. {Karisan} and C. {Caglayan} and G. C. {Trichopoulos} and K. {Sertel}}, 
booktitle={2015 IEEE MTT-S International Microwave Symposium}, 
title={Distributed modeling of submillimeter-wave HEMT parasitics based on full-wave electromagnetic analysis}, 
year={2015}, 
volume={}, 
number={}, 
pages={1-3}, 
keywords={electromagnetic coupling;electromagnetic fields;equivalent circuits;frequency response;high electron mobility transistors;semiconductor device models;distributed modeling;submillimeter-wave HEMT parasitics;full-wave electromagnetic analysis;broadband distributed parasitic equivalent circuit model;frequency response;electromagnetic field couplings;high electron mobility transistors;terahertz band;systematic multi-step parameter extraction algorithm;Programmable logic arrays;Logic gates;Electrodes;Integrated circuit modeling;Scattering parameters;Impedance;Noise measurement;HEMT;distributed parasitic equivalent circuit model;electromagnetic coupling;layout optimization}, 
doi={10.1109/MWSYM.2015.7167126}, 
ISSN={0149-645X}, 
month={May},}

@INPROCEEDINGS{thru_split, 
author={E. S. {Daniel} and N. E. {Harff} and V. {Sokolov} and S. M. {Schreiber} and B. K. {Gilbert}}, 
booktitle={ARFTG 63rd Conference, Spring 2004}, 
title={Network analyzer measurement de-embedding utilizing a distributed transmission matrix bisection of a single THRU structure}, 
year={2004}, 
volume={}, 
number={}, 
pages={61-68}, 
keywords={Frequency measurement;Calibration;Transmission line matrix methods;Integrated circuit measurements;Transmission line measurements;Dielectric substrates;Distributed parameter circuits;Integrated circuit technology;Space exploration;Dielectric measurements}, 
doi={10.1109/ARFTG.2004.1387856}, 
ISSN={}, 
month={June},}

@INPROCEEDINGS{brick_diode, 
author={A. {Takacs} and A. {Bunea} and A. {Zair} and D. {Neculoiu} and H. {Aubert}}, 
booktitle={CAS 2012 (International Semiconductor Conference)}, 
title={Diode modeling for milimeter wave applications based on co-simulation technique}, 
year={2012}, 
volume={1}, 
number={}, 
pages={201-204}, 
keywords={millimetre wave diodes;Schottky diodes;diode modeling;cosimulation technique;millimeter wave Schottky diode;rectennas;detectors;full-wave electromagnetic simulations;nonlinear circuit modeling;Integrated circuit modeling;Schottky diodes;Electromagnetics;Scattering parameters;RLC circuits;Millimeter wave circuits;diode modeling;co-simulation technique;millimeter wave}, 
doi={10.1109/SMICND.2012.6400654}, 
ISSN={2377-0678}, 
month={Oct},}

@INPROCEEDINGS{port_wackyness,
author = {Sun, Weimin},
year = {2017},
month = {06},
pages = {140-143},
title = {Accurate EM simulation of SMT components in RF designs},
doi = {10.1109/RFIC.2017.7969037}
}